@book{DR14,
  author    = {Dwork, Cynthia and Roth, Aaron},
  title     = {The Algorithmic Foundations of Differential Privacy},
  series    = {Foundations and Trends in Theoretical Computer Science},
  volume    = {9},
  number    = {3–4},
  publisher = {Now Publishers},
  year      = {2014},
  isbn      = {978-1-60845-350-1},
}

@inproceedings{AAH16,
  author    = {Abadi, Martín and Chu, Andy and Goodfellow, Ian and McMahan, H. Brendan and Mironov, Ilya and Talwar, Kunal and Zhang, Li},
  title     = {Deep Learning with Differential Privacy},
  booktitle = {Proceedings of the 2016 ACM SIGSAC Conference on Computer and Communications Security},
  pages     = {308--318},
  year      = {2016},
  doi       = {10.1145/2976749.2978318},
  url       = {https://arxiv.org/abs/1607.00133},
}
