@inproceedings{abadi2016,
  title={Deep Learning with Differential Privacy},
  author={Abadi, Martin and Chu, Andy and Goodfellow, Ian and McMahan, Brendan and Mironov, Ilya and Talwar, Kunal and Zhang, Li},
  booktitle={Proceedings of the 2016 ACM SIGSAC Conference on Computer and Communications Security},
  pages={308--318},
  year={2016},
  organization={ACM}
}

@inproceedings{mcmahan2018,
  title={Learning Differentially Private Recurrent Language Models},
  author={McMahan, Brendan and Ramage, Daniel and Talwar, Kunal and Zhang, Li},
  booktitle={International Conference on Learning Representations},
  year={2018},
  url={https://openreview.net/forum?id=r1lyTjAqYX}
}

@inproceedings{papernot2017,
  title={Semi-Supervised Knowledge Transfer for Deep Learning from Private Training Data},
  author={Papernot, Nicolas and Abadi, Martin and Erlingsson, Ulfar and Goodfellow, Ian and Talwar, Kunal},
  booktitle={International Conference on Learning Representations},
  year={2017},
  url={https://openreview.net/forum?id=rJl-b3RcF7}
}

@misc{menta2025,
      title={Analyzing Memorization in Large Language Models through the Lens of Model Attribution}, 
      author={Tarun Ram Menta and Susmit Agrawal and Chirag Agarwal},
      year={2025},
      eprint={2501.05078},
      archivePrefix={arXiv},
      primaryClass={cs.LG},
      url={https://arxiv.org/abs/2501.05078}, 
}

@misc{hartmann2023,
      title={SoK: Memorization in General-Purpose Large Language Models}, 
      author={Valentin Hartmann and Anshuman Suri and Vincent Bindschaedler and David Evans and Shruti Tople and Robert West},
      year={2023},
      eprint={2310.18362},
      archivePrefix={arXiv},
      primaryClass={cs.CL},
      url={https://arxiv.org/abs/2310.18362}, 
}

@misc{hoffmann2022,
      title={Training Compute-Optimal Large Language Models}, 
      author={Jordan Hoffmann and Sebastian Borgeaud and Arthur Mensch and Elena Buchatskaya and Trevor Cai and Eliza Rutherford and Diego de Las Casas and Lisa Anne Hendricks and Johannes Welbl and Aidan Clark and Tom Hennigan and Eric Noland and Katie Millican and George van den Driessche and Bogdan Damoc and Aurelia Guy and Simon Osindero and Karen Simonyan and Erich Elsen and Jack W. Rae and Oriol Vinyals and Laurent Sifre},
      year={2022},
      eprint={2203.15556},
      archivePrefix={arXiv},
      primaryClass={cs.CL},
      url={https://arxiv.org/abs/2203.15556}, 
}

@misc{vaswani2023,
      title={Attention Is All You Need}, 
      author={Ashish Vaswani and Noam Shazeer and Niki Parmar and Jakob Uszkoreit and Llion Jones and Aidan N. Gomez and Lukasz Kaiser and Illia Polosukhin},
      year={2023},
      eprint={1706.03762},
      archivePrefix={arXiv},
      primaryClass={cs.CL},
      url={https://arxiv.org/abs/1706.03762}, 
}

@misc{parthasarathy2024,
      title={The Ultimate Guide to Fine-Tuning LLMs from Basics to Breakthroughs: An Exhaustive Review of Technologies, Research, Best Practices, Applied Research Challenges and Opportunities}, 
      author={Venkatesh Balavadhani Parthasarathy and Ahtsham Zafar and Aafaq Khan and Arsalan Shahid},
      year={2024},
      eprint={2408.13296},
      archivePrefix={arXiv},
      primaryClass={cs.LG},
      url={https://arxiv.org/abs/2408.13296}, 
}

@misc{rababah2024,
      title={SoK: Prompt Hacking of Large Language Models}, 
      author={Baha Rababah and Shang and Wu and Matthew Kwiatkowski and Carson Leung and Cuneyt Gurcan Akcora},
      year={2024},
      eprint={2410.13901},
      archivePrefix={arXiv},
      primaryClass={cs.CR},
      url={https://arxiv.org/abs/2410.13901}, 
}

@misc{liu2024,
      title={Rethinking Machine Unlearning for Large Language Models}, 
      author={Sijia Liu and Yuanshun Yao and Jinghan Jia and Stephen Casper and Nathalie Baracaldo and Peter Hase and Yuguang Yao and Chris Yuhao Liu and Xiaojun Xu and Hang Li and Kush R. Varshney and Mohit Bansal and Sanmi Koyejo and Yang Liu},
      year={2024},
      eprint={2402.08787},
      archivePrefix={arXiv},
      primaryClass={cs.LG},
      url={https://arxiv.org/abs/2402.08787}, 
}

@misc{fioretto2024,
      title={Differential Privacy Overview and Fundamental Techniques}, 
      author={Ferdinando Fioretto and Pascal Van Hentenryck and Juba Ziani},
      year={2024},
      eprint={2411.04710},
      archivePrefix={arXiv},
      primaryClass={cs.CR},
      url={https://arxiv.org/abs/2411.04710}, 
}